@PhdThesis{liang:1983,
  author = 	 {Franklin Mark Liang},
  title = 	 {Word Hy-phen-a-tion by Com-put-er},
  school = 	 {Universität Stanford},
  year = 	 1983,
  note = 	 {\url{http://www.tug.org/docs/liang/}}}
