@phdthesis{liang:1983,
  author = {Franklin Mark Liang},
  title = {Word Hy-phen-a-tion by Com-put-er},
  school = {Stanford University},
  year = 1983,
  note = {\url{http://www.tug.org/docs/liang/}},
  language = {english}
}


@book{duden:1991,
  editor = {{Wissenschaftlicher Rat der Dudenredaktion}},
  title = {Duden~: Rechtschreibung der deutschen Sprache},
  series = {Der Duden in 12~B\"anden},
  volume = 1,
  edition = 20,
  publisher = {Dudenverlag},
  address = {Mannheim},
  year = 1991,
  language = {german}
}


@book{duden:1996,
  editor = {{Wissenschaftlicher Rat der Dudenredaktion}},
  title = {Duden~: Rechtschreibung der deutschen Sprache},
  series = {Der Duden in 12~B\"anden},
  volume = 1,
  edition = 21,
  publisher = {Dudenverlag},
  address = {Mannheim},
  year = 1996,
  language = {ngerman}
}


@inbook{amtlRegeln:1996:duden,
  editor = {{Wissenschaftlicher Rat der Dudenredaktion}},
  title = {Duden~: Rechtschreibung der deutschen Sprache},
  series = {Der Duden in 12~B\"anden},
  volume = 1,
  edition = 21,
  publisher = {Dudenverlag},
  address = {Mannheim},
  year = 1996,
  pages = {861--910},
  language = {ngerman}
}


@book{duden:2006,
  editor = {{Wissenschaftlicher Rat der Dudenredaktion}},
  title = {Duden~: Die deutsche Rechtschreibung auf der Grundlage der neuen amtlichen Rechtschreibregeln},
  series = {Der Duden in 12~B\"anden},
  volume = 1,
  edition = 24,
  publisher = {Dudenverlag},
  address = {Mannheim},
  year = 2006,
  language = {ngerman}
}


@inbook{amtlRegeln:2006:duden,
  editor = {{Wissenschaftlicher Rat der Dudenredaktion}},
  title = {Duden~: Die deutsche Rechtschreibung auf der Grundlage der neuen amtlichen Rechtschreibregeln},
  series = {Der Duden in 12~B\"anden},
  volume = 1,
  edition = 24,
  publisher = {Dudenverlag},
  address = {Mannheim},
  year = 2006,
  pages = {1161--1216},
  language = {ngerman}
}


@booklet{amtlRegeln:2006,
  author = {{Rat f\"ur deutsche Rechtschreibung}},
  title = {Deutsche Rechtschreibung},
  howpublished = {\url{http://rechtschreibrat.ids-mannheim.de/download/regeln2006.pdf}},
  address = {M\"unchen},
  year = 2006,
  language = {ngerman}
}

%%% Local Variables: 
%%% coding: us-ascii
%%% End: 
