@book{duden:21,
  editor = {{Wissenschaftlicher Rat der Dudenredaktion}},
  title = {Duden~: Rechtschreibung der deutschen Sprache},
  series = {Der Duden in 12~B\"anden},
  volume = 1,
  edition = {21.~Aufl.},
  publisher = {Dudenverlag},
  address = {Mannheim},
  year = 1996
}
